<record><leader>00000cas a22000007a 4500</leader><controlfield tag="001">10569745</controlfield><controlfield tag="008">840328d18091814pauwr ne      0    0eng d</controlfield><datafield ind1=" " ind2=" " tag="010"><subfield code="a">sn 84026519 </subfield></datafield><datafield ind1=" " ind2=" " tag="040"><subfield code="a">NPU</subfield><subfield code="b">eng</subfield><subfield code="c">NPU</subfield><subfield code="d">NPY</subfield><subfield code="d">NPH</subfield><subfield code="d">NPX</subfield><subfield code="d">OCLCQ</subfield></datafield><datafield ind1=" " ind2=" " tag="042"><subfield code="a">msc</subfield></datafield><datafield ind1="0" ind2=" " tag="130"><subfield code="a">Expositor (York, Pa.)</subfield></datafield><datafield ind1="1" ind2="4" tag="245"><subfield code="a">The expositor.</subfield></datafield><datafield ind1=" " ind2=" " tag="260"><subfield code="a">York, Pa. :</subfield><subfield code="b">Heckert &amp; Updegraff,</subfield><subfield code="c">1809-</subfield></datafield><datafield ind1=" " ind2=" " tag="300"><subfield code="a">v. ;</subfield><subfield code="c">44 cm.</subfield></datafield><datafield ind1=" " ind2=" " tag="310"><subfield code="a">Weekly</subfield></datafield><datafield ind1="0" ind2=" " tag="362"><subfield code="a">Vol. 1, no. 27 (Jan. 19, 1809)-</subfield></datafield><datafield ind1="1" ind2=" " tag="362"><subfield code="a">Ceased in Aug. 1814.</subfield><subfield code="z">Cf. Brigham, C.S. Amer. newspapers.</subfield></datafield><datafield ind1=" " ind2=" " tag="500"><subfield code="a">Published every Thursday.</subfield></datafield><datafield ind1=" " ind2=" " tag="752"><subfield code="a">United States</subfield><subfield code="b">Pennsylvania</subfield><subfield code="c">York</subfield><subfield code="d">York.</subfield></datafield><datafield ind1="0" ind2="0" tag="780"><subfield code="t">Weekly expositor (York, Pa.)</subfield><subfield code="w">(DLC)sn 86083222</subfield></datafield></record>